<record><leader>00000cas a22000007a 4500</leader><controlfield tag="001">22775148</controlfield><controlfield tag="008">901204c19879999ohusr ne      0    0eng d</controlfield><datafield ind1=" " ind2=" " tag="010"><subfield code="a">sn 90068473 </subfield></datafield><datafield ind1=" " ind2=" " tag="040"><subfield code="a">ONP</subfield><subfield code="b">eng</subfield><subfield code="c">ONP</subfield><subfield code="d">OCLCQ</subfield></datafield><datafield ind1=" " ind2=" " tag="042"><subfield code="a">msc</subfield></datafield><datafield ind1="0" ind2="0" tag="245"><subfield code="a">Brechsville-Broadview Hts. &amp; Independence gazette.</subfield></datafield><datafield ind1="3" ind2="0" tag="246"><subfield code="a">Brecksville-Broadview Hts. and Independence gazette</subfield></datafield><datafield ind1="3" ind2="0" tag="246"><subfield code="a">Brecksville-Broadview Heights and Independence gazette</subfield></datafield><datafield ind1="3" ind2="0" tag="246"><subfield code="a">Brecksville Broadview Hts. &amp; Independence gazette</subfield></datafield><datafield ind1=" " ind2=" " tag="260"><subfield code="a">Brecksville, Ohio :</subfield><subfield code="b">Brecksville-Broadview Heights Gazette, Inc.,</subfield><subfield code="c">1987-</subfield></datafield><datafield ind1=" " ind2=" " tag="300"><subfield code="a">v.</subfield></datafield><datafield ind1=" " ind2=" " tag="310"><subfield code="a">Semimonthly (issued on the 10th and 24th of each month)</subfield></datafield><datafield ind1="0" ind2=" " tag="362"><subfield code="a">Vol. 12, no. 1 (Jan. 10, 1987)-</subfield></datafield><datafield ind1=" " ind2=" " tag="752"><subfield code="a">United States</subfield><subfield code="b">Ohio</subfield><subfield code="c">Cuyahoga</subfield><subfield code="d">Brecksville.</subfield></datafield><datafield ind1=" " ind2=" " tag="752"><subfield code="a">United States</subfield><subfield code="b">Ohio</subfield><subfield code="c">Cuyahoga</subfield><subfield code="d">Broadview Heights.</subfield></datafield><datafield ind1=" " ind2=" " tag="752"><subfield code="a">United States</subfield><subfield code="b">Ohio</subfield><subfield code="c">Cuyahoga</subfield><subfield code="d">Independence.</subfield></datafield><datafield ind1="0" ind2="4" tag="780"><subfield code="t">Brecksville-Broadview Hts. gazette</subfield><subfield code="w">(DLC)sn 90068472</subfield></datafield><datafield ind1="0" ind2="4" tag="780"><subfield code="t">Independence gazette (Independence, Ohio)</subfield><subfield code="w">(DLC)sn 88078697</subfield></datafield></record>